@article{Denning76,
  author    = {Dorothy E. Denning},
  title     = {A Lattice Model of Secure Information Flow},
  journal   = {Commun. {ACM}},
  volume    = {19},
  number    = {5},
  pages     = {236--243},
  year      = {1976},
  url       = {http://doi.acm.org/10.1145/360051.360056},
  doi       = {10.1145/360051.360056},
  timestamp = {Tue, 07 Jun 2011 16:51:03 +0200},
  biburl    = {http://dblp.org/rec/bib/journals/cacm/Denning76},
  bibsource = {dblp computer science bibliography, http://dblp.org}
}

@article{Denning77,
  author    = {Dorothy E. Denning and
               Peter J. Denning},
  title     = {Certification of Programs for Secure Information Flow},
  journal   = {Commun. {ACM}},
  volume    = {20},
  number    = {7},
  pages     = {504--513},
  year      = {1977},
  url       = {http://doi.acm.org/10.1145/359636.359712},
  doi       = {10.1145/359636.359712},
  timestamp = {Tue, 07 Jun 2011 16:51:08 +0200},
  biburl    = {http://dblp.org/rec/bib/journals/cacm/DenningD77},
  bibsource = {dblp computer science bibliography, http://dblp.org}
}

@article{VolpanoIS96,
  author    = {Dennis M. Volpano and
               Cynthia E. Irvine and
               Geoffrey Smith},
  title     = {A Sound Type System for Secure Flow Analysis},
  journal   = {Journal of Computer Security},
  volume    = {4},
  number    = {2/3},
  pages     = {167--188},
  year      = {1996},
  url       = {https://doi.org/10.3233/JCS-1996-42-304},
  doi       = {10.3233/JCS-1996-42-304},
  timestamp = {Fri, 26 May 2017 22:53:13 +0200},
  biburl    = {http://dblp.org/rec/bib/journals/jcs/VolpanoIS96},
  bibsource = {dblp computer science bibliography, http://dblp.org}
}

@book{Pierce2002,
  author    = {Benjamin C. Pierce},
  title     = {Types and programming languages},
  publisher = {{MIT} Press},
  year      = {2002},
  isbn      = {978-0-262-16209-8},
  timestamp = {Thu, 03 Feb 2011 10:51:35 +0100},
  biburl    = {http://dblp.org/rec/bib/books/daglib/0005958},
  bibsource = {dblp computer science bibliography, http://dblp.org}
}

@article{Boritz2005,
title = "IS practitioners' views on core concepts of information integrity",
journal = "International Journal of Accounting Information Systems",
volume = "6",
number = "4",
pages = "260 - 279",
year = "2005",
issn = "1467-0895",
doi = "https://doi.org/10.1016/j.accinf.2005.07.001",
url = "http://www.sciencedirect.com/science/article/pii/S1467089505000473",
author = "J. Efrim Boritz",
keywords = "Information integrity, Data quality, Data integrity"
}